% Encoding: UTF-8
@comment{x-kbibtex-encoding=utf-8}

@book{Ramatisfisio,
	author = {Ramatís},
	note = {Psicografado por Hercílio Maes. Disponível em: <https://docubra.com/doc/c00e1>. Acesso em: 9 jul. 2025},
	title = {Fisiologia da Alma}
}

@Book{Depoisdamorte,
  title      = {Depois da Morte},
  publisher  = {CELD},
  year       = {2005},
  author     = {Léon Denis},
  address    = {Rio de Janeiro},
  review     = {teste},
  subtitle   = {Explicação da doutrina dos espíritos: solução científica e racional dos problemas da vida e da morte; Natureza e destino do ser humano; as vidas sucessivas},
  translator = {Maria Lucia Alcantara de Carvalho},
}

@book{russell2024,
	author = {Bertrand Russell},
	note = {Título original "The Problems of Philosophy" (1912). ©},
	title = {Os Problemas da Filosofia},
	translator = {Conte, Jaimir},
	url = {https://conte.prof.ufsc.br/txt-russell.pdf},
	urldate = {2025-07-22},
	year = {s.d}
}

@book{Oconsolador,
	address = {Brasília},
	author = {Emmanuel},
	edition = {29},
	note = {[Psicografado por] XAVIER, Francisco Cândido},
	publisher = {FEB},
	title = {O Consolador},
	year = {2023}
}

@book{oproblemadoser,
	address = {Rio de Janeiro},
	author = {Léon Denis},
	publisher = {CELD},
	subtitle = {Os testemunhos, os fatos, as leis): estudos experimentais sobre os aspectos ignorados do ser humano; as personalidades duplas; a consciência profunda; a renovação da memória; as vidas anteriores e sucessivas, etc.},
	title = {O Problema do Ser e do Destino},
	translator = {Homero Dias de Carvalho},
	year = {2011}
}

@book{denis2008,
  author    = {Léon Denis},
  title     = {O Grande Enigma},
  publisher = {FEB},
  year      = {2008}
}

@book{Kardec2013,
	address = {São Paulo},
	author = {Allan Kardec},
	edition = {2},
	note = {Trad. Maria Ângela Baraldi},
	publisher = {Mundo Maior Editora},
	ranking = {rank5},
	title = {O céu e o inferno: a justiça divina segundo o espiritismo},
	year = {2013}
}

@Book{Kardec2010,
  title         = {O Que É Espiristismo?},
  publisher     = {CELD},
  year          = {2010},
  author        = {Allan Kardec},
  address       = {Rio de Janeiro},
  edition       = {3},
  comment-diego = {O Espiritismo tem por objetivo a constatação e o estudo da manifestação dos espíritos, de suas faculdades, da situação feliz ou infeliz em que se encontram e do seu futuro, em uma palavra, o conhecimento do mundo espiritual. p.146},
  subtitle      = {Introdução ao conhecimento do mundo invisível pelas manifestações dos espíritos,...},
  translator    = {Albertina Escudeiro Sêco},
}

@book{revista1862,
	address = {Brasília},
	author = {Allan Kardec},
	edition = {4},
	publisher = {FEB},
	ranking = {rank5},
	subtitle = {Jornal de estudos psicológicos: Ano quinto – 1862/ publicada sob a direção de Allan Kardec},
	title = {Revista Espírita},
	translator = {Evandro Noleto Bezerra},
	year = {2019}
}

@book{olivrodosespiritos,
	author = {Allan Kardec},
	edition = {93},
	publisher = {FEB},
	series = {Edição Histórica},
	subtitle = {Filosofia espiritualista.},
	title = {O livro dos espíritos},
	translator = {Guillon Ribeiro},
	year = {2013}
}

@book{oevangelhokardec,
	address = {Brasília},
	author = {Allan Kardec},
	edition = {131},
	publisher = {FEB},
	subtitle = {Com explicações das máximas morais do Cristo em concordância com o espiritismo e suas aplicações às diversas circunstâncias da vida},
	title = {O Evangelho segundo o espiritismo},
	translator = {Guillon Ribeiro},
	year = {2013}
}

@book{JoannaAngelis2013,
	address = {Salvador},
	author = {{Joanna de Ângelis}},
	edition = {11},
	editor = {Divaldo Pereira Franco},
	editortype = {psicografado por},
	publisher = {LEAL},
	series = {Série Psicológica},
	title = {Desperte e Seja Feliz},
	volume = {7},
	year = {2013}
}

@Book{embuscadaverdade,
  title      = {Em busca da Verdade},
  publisher  = {Livr. Espírita Alvorada Editora},
  year       = {2009},
  author     = {{Joanna de Ângelis}},
  editor     = {Divaldo Pereira Franco},
  address    = {Salvador},
  edition    = {1},
  editortype = {psicografado por},
  review     = {"A verdade deve ser ministrada com naturalidade, suavemente,
sem alarde, sem imposição, mas também sem ser falseada, sem
perder a força do seu conteúdo." p. 36},
}

@book{autodescobrimento,
	address = {Salvador},
	author = {{Joanna de Ângelis}},
	subtitle = {Uma Busca Interior},
	edition = {17},
	note = {[Psicografado por] FRANCO, Divaldo Pereira},
	publisher = {LEAL},
	series = {Série Psicológica},
	title = {Autodescobrimento},
	volume = {7},
	year = {2013}
}

@book{JoannaDeAngelis2013Vida,
  author    = {{Joanna de Ângelis}},
  title     = {Vida: Desafios e Soluções},
  series    = {Série psicológica},
  volume    = {8},
  edition   = {12},
  publisher = {Livraria Espírita Alvorada Editora},
  address   = {Salvador},
  year      = {2013},
  note      = {[Psicografado por] FRANCO, Divaldo Pereira}
}

@book{pires1970parapsicologia,
  title={Parapsicologia hoje e amanhã},
  author={Pires, José Herculano},
  year={1970},
  publisher={Edicel}
}

@article{cunha2013mediunidade,
  title={Mediunidade e Parapsicologia: o conflito entre religião e ciência do espiritismo},
  author={Cunha, Welthon Rodrigues},
  journal={Revista Fragmentos de Cultura-Revista Interdisciplinar de Ciências Humanas},
  volume={23},
  number={1},
  pages={63--73},
  year={2013}
}

@article{freire2010perspectivas,
  title={Perspectivas Experimentais em Parapsicologia: Caminhos a Serem Explorados em Conscienciologia},
  author={Freire, Ronald Bastos},
  journal={Conscientia},
  volume={14},
  number={3},
  pages={377--391},
  year={2010},
  month={jul/set}
}

@book{bortolotti2013,
	author = {Bortolotti, Lisa},
	title = {Introdução à Filosofia da Ciência},
	year = {2013},
	publisher = {Gradiva Publicações},
	address = {Lisboa},
	translator = {Beleza, Jorge},
	editor = {Almeida, Aires}
}

@book{Nietzsche2003Segunda,
  author    = {Nietzsche, Friedrich Wilhelm},
  title     = {Segunda Consideração Intempestiva},
  subtitle  = {Da utilidade e desvantagem da história para a vida},
  translator = {Casanova, Marco Antônio},
  publisher = {Relume Dumará},
  address   = {Rio de Janeiro},
  year      = {2003}
}

@book{locke1999ensaio,
  author    = {Locke, John},
  title     = {Ensaio acerca do entendimento humano},
  year      = {1999},
  publisher = {Nova Cultural},
  address   = {São Paulo},
  translator = {Aiex, Anoar}
}

@Comment{jabref-meta: databaseType:bibtex;}
